%-----------------------------------------------------------------------------
%                                 A C T I V A S
%------------------------------------------------------------------------------
@book{cengel2015termodinamica,
  title={Termodin{\'a}mica},
  author={{\c{C}}engel, Y.A. and Boles, M.A.},
  year={2015},
  edition={8}
}

@book{mataix1982mecanica,
  title={Mec{\'a}nica de fluidos y m{\'a}quinas hidr{\'a}ulicas},
  author={Mataix, Claudio},
  year={1982},
  publisher={Oxford University Press}
}

}


